%-------------------------------------------------------------------4
%trafic safety
%https://portal.research.lu.se/ws/files/4394446/1693353.pdf
@book{evans2004traffic,
  title={Traffic safety},
  author={Evans, Leonard},
  year={2004}
}

%https://www.who.int/violence_injury_prevention/road_safety_status/2018/en/
@online{worldhealthorganization2018,
    author = {{\textit{World Health Organization}}},
    title  = {Global status report on road safety 2018},
    year   = {2018},
    url    = {https://www.who.int/violence_injury_prevention/road_safety_status/2018/en/}
}

%https://www.scielosp.org/scielo.php?pid=S0102-311X2000000100002&script=sci_arttext&tlng=en
@article{marin2000atualidade,
  title={A atualidade dos acidentes de tr{\^a}nsito na era da velocidade: uma vis{\~a}o geral},
  author={Mar{\'\i}n, Let{\'\i}cia e Queiroz, Marcos S},
  journal={Cadernos de Sa{\'u}de P{\'u}blica},
  volume={16},
  pages={7--21},
  year={2000},
  publisher={SciELO Public Health}
}
%https://onlinelibrary.wiley.com/doi/full/10.1111/j.1365-3156.1997.tb00167.x
@article{odero1997road,
  title={Road traffic injuries in developing countries: a comprehensive review of epidemiological studies},
  author={Odero, Wilson e Garner, P e Zwi, A},
  journal={Tropical Medicine \& International Health},
  volume={2},
  number={5},
  pages={445--460},
  year={1997},
  publisher={Wiley Online Library}
}

%https://www.scielosp.org/scielo.php?pid=S0034-89102011000500017&script=sci_abstract

@article{bacchieri2011acidentes,
  title={Acidentes de tr{\^a}nsito no Brasil de 1998 a 2010: muitas mudan{\c{c}}as e poucos resultados},
  author={Bacchieri, Giancarlo e Barros, Alu{\'\i}sio JD},
  journal={Revista de Sa{\'u}de P{\'u}blica},
  volume={45},
  pages={949--963},
  year={2011},
  publisher={SciELO Public Health}
}


%https://books.google.com.br/books?hl=pt-BR&lr=&id=wV40DgAAQBAJ&oi=fnd&pg=PP1&dq=Estimating+the+potential+impact+of+safety+policies+on+road+traffic+death+rates+in+developing+countries&ots=DJWAyZhXqj&sig=SJTQtwHIFmC1O2RIb5nVcvq3cNY#v=onepage&q&f=false
@book{world2015global,
  title={Global status report on road safety 2015},
  author={World Health Organization},
  year={2015},
  publisher={World Health Organization}
}

%--------------------------------------
%driver behaviour
@article{goldberg2000,
author = {Goldenbeld, Charles e Bernadus M Levelt, Peter e Heidstra, Jelle},
year = {2000},
month = {04},
pages = {65-81},
title = {Psychological perspectives on changing driver attitude and behaviour},
volume = {67},
journal = {Recherche - Transports - Sécurité},
doi = {10.1016/S0761-8980(00)90108-0}
}

@inproceedings{you2013carsafe,
  title={Carsafe app: Alerting drowsy and distracted drivers using dual cameras on smartphones},
  author={You, Chuang-Wen e Lane, Nicholas D e Chen, Fanglin e Wang, Rui e Chen, Zhenyu e Bao, Thomas J e Montes-de-Oca, Martha e Cheng, Yuting e Lin, Mu e Torresani, Lorenzo e outros},
  booktitle={Proceeding of the 11th annual international conference on Mobile systems, applications, and services},
  pages={13--26},
  year={2013},
  organization={ACM}
}

@inproceedings{bergasa2014drivesafe,
  title={Drivesafe: An app for alerting inattentive drivers and scoring driving behaviors},
  author={Bergasa, Luis M e Almer{\'\i}a, Daniel e Almaz{\'a}n, Javier e Yebes, J Javier e Arroyo, Roberto},
  booktitle={2014 IEEE Intelligent Vehicles symposium proceedings},
  pages={240--245},
  year={2014},
  organization={IEEE}
}

@article{fazeen2012safe,
  title={Safe driving using mobile phones},
  author={Fazeen, Mohamed e Gozick, Brandon e Dantu, Ram e Bhukhiya, Moiz e Gonz{\'a}lez, Marta C},
  journal={IEEE Transactions on Intelligent Transportation Systems},
  volume={13},
  number={3},
  pages={1462--1468},
  year={2012},
  publisher={IEEE}
}



%https://sci-hub.tw/https://ieeexplore.ieee.org/abstract/document/6257115#


%---------------------------------------
%smartphone detection
@inproceedings{eren2012estimating,
  title={Estimating driving behavior by a smartphone},
  author={Eren, Haluk e Makinist, Semiha e Akin, Erhan e Yilmaz, Alper},
  booktitle={2012 IEEE Intelligent Vehicles Symposium},
  pages={234--239},
  year={2012},
  organization={IEEE}
}

@article{junior2017driver,
  title={Driver behavior profiling: An investigation with different smartphone sensors and machine learning},
  author={J{\'u}nior, Jair Ferreira e Carvalho, Eduardo e Ferreira, Bruno V e de Souza, Cleidson e Suhara, Yoshihiko e Pentland, Alex e Pessin, Gustavo},
  journal={PLoS one},
  volume={12},
  number={4},
  pages={e0174959},
  year={2017},
  publisher={Public Library of Science}
}

@inproceedings{dai2010mobile,
  title={Mobile phone based drunk driving detection},
  author={Dai, Jiangpeng e Teng, Jin e Bai, Xiaole e Shen, Zhaohui e Xuan, Dong},
  booktitle={2010 4th International Conference on Pervasive Computing Technologies for Healthcare},
  pages={1--8},
  year={2010},
  organization={IEEE}
}

@inproceedings{zheng2015mobileutdrive,
  title={MobileUTDrive: an android portable device platform for in-vehicle driving data collection and display},
  author={Zheng, Yang e Hansen, John HL},
  booktitle={FAST-zero'15: 3rd International Symposium on Future Active Safety Technology Toward zero traffic accidents, 2015},
  year={2015}
}

@inproceedings{zheng2016unsupervised,
  title={Unsupervised driving performance assessment using free-positioned smartphones in vehicles},
  author={Zheng, Yang e Hansen, John HL},
  booktitle={2016 IEEE 19th International Conference on Intelligent Transportation Systems (ITSC)},
  pages={1598--1603},
  year={2016},
  organization={IEEE}
}


@article{castignani2015driver,
  title={Driver behavior profiling using smartphones: A low-cost platform for driver monitoring},
  author={Castignani, German e Derrmann, Thierry e Frank, Rapha{\"e}l e Engel, Thomas},
  journal={IEEE Intelligent Transportation Systems Magazine},
  volume={7},
  number={1},
  pages={91--102},
  year={2015},
  publisher={IEEE}
}



@inproceedings{araujo2012driving,
  title={Driving coach: A smartphone application to evaluate driving efficient patterns},
  author={Ara{\'u}jo, Rui e Igreja, {\^A}ngela e De Castro, Ricardo e Araujo, Rui Esteves},
  booktitle={2012 IEEE Intelligent Vehicles Symposium},
  pages={1005--1010},
  year={2012},
  organization={IEEE}
}

@inproceedings{Paefgen:2012:DBA:2406367.2406412,
 author = {Paefgen, Johannes e Kehr, Flavius e Zhai, Yudan e Michahelles, Florian},
 title = {Driving Behavior Analysis with Smartphones: Insights from a Controlled Field Study},
 booktitle = {Proceedings of the 11th International Conference on Mobile and Ubiquitous Multimedia},
 series = {MUM '12},
 year = {2012},
 isbn = {978-1-4503-1815-0},
 location = {Ulm, Germany},
 pages = {36:1--36:8},
 articleno = {36},
 numpages = {8},
 url = {http://doi.acm.org/10.1145/2406367.2406412},
 doi = {10.1145/2406367.2406412},
 acmid = {2406412},
 publisher = {ACM},
 address = {New York, NY, USA},
 keywords = {IMU data, driving behavior, insurance, mobile sensing, smartphone}
 }
 
 @inproceedings{chen2015d,
  title={D 3: Abnormal driving behaviors detection and identification using smartphone sensors},
  author={Chen, Zhongyang e Yu, Jiadi e Zhu, Yanmin e Chen, Yingying e Li, Minglu},
  booktitle={2015 12th Annual IEEE International Conference on Sensing, Communication, and Networking (SECON)},
  pages={524--532},
  year={2015},
  organization={IEEE}
}

@inproceedings{almazan2013full,
  title={Full auto-calibration of a smartphone on board a vehicle using IMU and GPS embedded sensors},
  author={Almaz{\'a}n, Javier e Bergasa, Luis M e Yebes, J Javier e Barea, Rafael e Arroyo, Roberto},
  booktitle={2013 IEEE Intelligent Vehicles Symposium (IV)},
  pages={1374--1380},
  year={2013},
  organization={IEEE}
}


%----------------------------------------------------------------------telematics

@article{cho2006robust,
  title={Robust positioning technique in low-cost DR/GPS for land navigation},
  author={Cho, Seong Yun e Choi, Wan Sik},
  journal={IEEE Transactions on Instrumentation and Measurement},
  volume={55},
  number={4},
  pages={1132--1142},
  year={2006},
  publisher={IEEE}
}

@article{ochieng2003integration,
  title={Integration of GPS and dead reckoning for real-time vehicle performance and emissions monitoring},
  author={Ochieng, Washington e Polak, JW e Noland, Robert e Park, J-Y e Zhao, L and Briggs, D e Gulliver, J e Crookell, A e Evans, R e Walker, M e outros},
  journal={GPS Solutions},
  volume={6},
  number={4},
  pages={229--241},
  year={2003},
  publisher={Springer}
}

@article{li2009vehicle,
  title={Vehicle velocity estimation for real-time dynamic stability control},
  author={Li, Liang e Song, Jian e Kong, Lei e Huang, Q},
  journal={International journal of automotive technology},
  volume={10},
  number={6},
  pages={675},
  year={2009},
  publisher={Springer}
}

@article{vlahogianni2017driving,
  title={Driving analytics using smartphones: Algorithms, comparisons and challenges},
  author={Vlahogianni, Eleni I e Barmpounakis, Emmanouil N},
  journal={Transportation Research Part C: Emerging Technologies},
  volume={79},
  pages={196--206},
  year={2017},
  publisher={Elsevier}
}

@inproceedings{tundo2013correcting,
  title={Correcting Smartphone orientation for accelerometer-based analysis},
  author={Tundo, Marco D e Lemaire, Edward e Baddour, Natalie},
  booktitle={2013 IEEE International Symposium on Medical Measurements and Applications (MeMeA)},
  pages={58--62},
  year={2013},
  organization={IEEE}
}

%------------------------------------------- IMU
@book{grewal2007global,
  title={Global positioning systems, inertial navigation, and integration},
  author={Grewal, Mohinder S e Weill, Lawrence R e Andrews, Angus P},
  year={2007},
  publisher={John Wiley \& Sons}
}

@article{groves2008principles,
  title={Principles of GNSS},
  author={Groves, Paul D},
  journal={Inertial, and Multisensor Integrated Navigation Systems},
  volume={521},
  year={2008}
}

@book{kovalevsky2012reference,
  title={Reference frames: in astronomy and geophysics},
  author={Kovalevsky, Jean e Mueller, Ivan I e Kolaczek, Barbara},
  volume={154},
  year={2012},
  publisher={Springer Science \& Business Media}
}

@phdthesis{mori2013uso,
  title={O uso de sistema inercial para apoiar a navega{\c{c}}{\~a}o aut{\^o}noma.},
  author={Mori, Anderson Morais},
  year={2013},
  school={Universidade de S{\~a}o Paulo}
}

